<?xml version="1.0" encoding="UTF-8"?><record xmlns="http://www.loc.gov/MARC21/slim" xmlns:cinclude="http://apache.org/cocoon/include/1.0" xmlns:zs="http://www.loc.gov/zing/srw/">
  <leader>00469nz  a2200133n  4500</leader>
  <controlfield tag="001">n  95111571 </controlfield>
  <controlfield tag="003">DLC</controlfield>
  <controlfield tag="005">19951113150607.0</controlfield>
  <controlfield tag="008">951113n| acannaab|          |a aaa |||  </controlfield>
  <datafield tag="010" ind1=" " ind2=" ">
    <subfield code="a">n  95111571 </subfield>
  </datafield>
  <datafield tag="040" ind1=" " ind2=" ">
    <subfield code="a">DLC</subfield>
    <subfield code="c">DLC</subfield>
  </datafield>
  <datafield tag="100" ind1="1" ind2="0">
    <subfield code="a">Borys, P. A. M.</subfield>
    <subfield code="q">(Pamela Ann Marie)</subfield>
  </datafield>
  <datafield tag="400" ind1="1" ind2="0">
    <subfield code="a">Borys, Pamela Ann Marie</subfield>
  </datafield>
  <datafield tag="670" ind1=" " ind2=" ">
    <subfield code="a">Web browsing with America Online, c1995:</subfield>
    <subfield code="b">t.p. (P.A.M. Borys) p. viii (Pamela Ann Marie Borys; owns company, Step by Step Training, located in Woburn, Mass.)</subfield>
  </datafield>
</record>